@techreport{DepartmentofEducationandTraining2017b,
author = {{Department of Education and Training}},
publisher = {Department of Education and Training},
title = {{Research block grant allocations for 2018}},
year = {2017}
}
@techreport{DepartmentofEducationandTraining2017d,
author = {{Department of Education and Training}},
publisher = {Department of Education and Training},
title = {{Higher Education Research Data Collection (HERDC), research income time series 1994-2016}},
url = {https://www.universitiesaustralia.edu.au/australias-universities/key-facts-and-data/Research-Intensity---Output/Research-Intensity---Output{\#}.Va3MAxOqpHx},
year = {2017}
}
@techreport{Elsevier2018,
author = {Elsevier},
publisher = {Elsevier},
title = {{Scopus [research database]}},
year = {2018}
}
@techreport{TEQSA2018b,
author = {TEQSA},
publisher = {Tertiary Education Quality and Standards Agency},
title = {{Statistics report on TEQSA registered higher education providers 2018}},
year = {2018}
}
@misc{Urban2018a,
author = {Urban, R},
booktitle = {The Australian},
title = {{Victoria University exposed as future teachers found wanting}},
url = {https://www.theaustralian.com.au/higher-education/victoria-university-exposed-as-future-teachers-found-wanting/news-story/6a38e26808ee98a7db90d52d1c38b63a},
year = {2018}
}
@book{Finkin2009,
author = {Finkin, M W and Post, R},
publisher = {Yale University Press},
title = {{For the common good: principles of American academic freedom}},
year = {2009}
}
@incollection{Meadows2011,
author = {Meadows, E},
booktitle = {Making a difference: Australian international education },
editor = {Davis, D and Mackintosh, B},
publisher = {UNSW Press},
title = {{From aid to industry: A history of international education in Australia}},
year = {2011}
}
@techreport{DepartmentofHumanServices2016,
author = {{Department of Human Services}},
publisher = {Department of Human Services},
title = {{Student start-up loan}},
url = {http://www.humanservices.gov.au/customer/services/centrelink/student-start-up-loan},
year = {2016}
}
@techreport{Bean2003,
author = {Bean, C and Gow, D and McAllister, I},
publisher = {Australian Data Archive},
title = {{Australian Election Study 2001}},
year = {2003}
}
@techreport{NTEU2015b,
author = {NTEU},
publisher = {National Tertiary Education Union},
title = {{State of Uni Survey 2015 Report No.2: Workloads}},
url = {http://www.nteu.org.au/stateoftheuni},
year = {2015}
}
@techreport{NTEU2015a,
author = {NTEU},
publisher = {National Tertiary Education Union},
title = {{State of Uni Survey 2015 Report No.1: Overview Report}},
url = {http://www.nteu.org.au/stateoftheuni},
year = {2015}
}
@incollection{Norton2017a,
author = {Norton, A},
booktitle = {The funding of higher education: higher education as a public or private good?},
editor = {Palfreyman, D and Tapper, T},
publisher = {Routledge},
title = {{The Australian hybrid: public and private higher education funding}},
year = {2017}
}
@techreport{ABS2018e,
author = {ABS},
institution = {Australian Bureau of Statistics},
title = {{Research and experimental development, higher education organisations, Australia, 2008-09, Cat. 8111.0}},
year = {2018}
}
@techreport{NHMRC2015,
author = {NHMRC},
publisher = {National Health and Medical Research Council},
title = {{Summary of the NHMRC 2015 grant application round}},
url = {https://www.nhmrc.gov.au/grants-funding/outcomes-funding-rounds},
year = {2015}
}
@book{Ziguras2015,
author = {Ziguras, C and McBurnie, G},
publisher = {Routledge},
title = {{Governing cross-border higher education}},
year = {2015}
}
@techreport{NortonCherastidtham2016,
author = {Norton, A and Cherastidtham, I},
publisher = {Grattan Institute},
title = {{HELP for the future: fairer repayment of student debt}},
year = {2016}
}
@article{Jackson2005,
author = {Jackson, H},
journal = {Southern Cross University Law Review},
pages = {107--145},
title = {{Express rights to academic freedom in Australian public university employment}},
volume = {9},
year = {2005}
}
@incollection{Stobbs2015,
author = {Stobbs, N},
booktitle = {Higher education and the law},
editor = {{S  Kamvounias; J, Squelch}, Varnham; P},
pages = {203--214},
publisher = {The Federation Press},
title = {{Academic freedom and university autonomy}},
year = {2015}
}
@techreport{Watson2000,
author = {Watson, L},
publisher = {Department of Education, Training and Youth Affairs},
title = {{Survey of private providers in Australian higher education, 1999}},
year = {2000}
}
@techreport{DeloitteAccessEconomics2017,
author = {{Deloitte Access Economics}},
publisher = {Department of Education and Training},
title = {{Cost of delivery of higher education: Final report}},
year = {2017}
}
@misc{McAllister2012,
address = {Canberra},
author = {McAllister, I and Pietsch, J},
publisher = {Australian Data Archive, Australian National University},
title = {{World values survey Australia, 2012}},
year = {2012}
}
@techreport{ABS2001,
author = {ABS},
institution = {Australian Bureau of Statistics},
title = {{Australian standard classification of education (ASCED), Cat. 1272.0}},
year = {2001}
}
@techreport{Probert2013,
author = {Probert, B},
publisher = {Office for Learning and Teaching },
title = {{Teaching-focused academic appointments in Australian universities}},
year = {2013}
}
@techreport{DEEWR2009,
author = {DEEWR},
publisher = {Department of Education, Employment and Workplace Relations},
title = {{Transforming Australia's higher education system}},
year = {2009}
}
@techreport{DEEWR2000,
author = {DEEWR},
publisher = {Department of Education, Employment and Workplace Relations},
title = {{Higher education students time series tables, 2000: selected higher education statistics}},
year = {2000}
}
@book{Forsyth2014,
address = {Sydney},
author = {Forsyth, H},
publisher = {NewSouth Publishing},
title = {{A history of the modern Australian university}},
year = {2014}
}
@techreport{TEQSA2018,
author = {TEQSA},
publisher = {Tertiary Education Quality and Standards Agency},
title = {{TEQSA's risk assessment framework: version 2.2}},
year = {2018}
}
@techreport{GrattanInstitute2018,
author = {{Grattan Institute}},
publisher = {Grattan Institute},
title = {{Demand driven facts and figures}},
url = {https://grattan.edu.au/wp-content/uploads/2018/01/demand{\_}driven{\_}facts{\_}figures{\_}SLNSW{\_}13Feb.pdf},
year = {2018}
}
@techreport{UNESCO2016,
author = {UNESCO},
publisher = {United Nations Educational, Scientific and Cultural Organisation},
title = {{UNESCO science report: towards 2030}},
year = {2016}
}
@techreport{ARC2017,
author = {ARC},
publisher = {Australian Research Council},
title = {{Funding rules for schemes under the Discovery Program (2017 edition)}},
year = {2017}
}
@techreport{DepartmentofEducationandTraining2017v,
author = {{Department of Education and Training}},
publisher = {Department of Education and Training},
title = {{Research income and HDR completions data 2015-16}},
year = {2017}
}
@techreport{ARWU2018,
author = {ARWU},
publisher = {Shanghai Ranking Consultancy},
title = {{Academic Ranking of World Universities}},
url = {http://www.shanghairanking.com/World-University-Rankings-2015/Australia.html},
year = {2018}
}
@techreport{TEQSA2018a,
author = {TEQSA},
publisher = {Tertiary Education Quality and Standards Agency},
title = {{National register of higher education providers}},
url = {https://www.teqsa.gov.au/national-register/search},
year = {2018}
}
@misc{Bongiorno2018,
author = {Bongiorno, F},
booktitle = {Inside Story},
title = {{The rise and fall of Western civilisation}},
year = {2018}
}
@techreport{DepartmentofHealth2018,
author = {{Department of Health}},
publisher = {Australian Government/Department of Health},
title = {{Medical Research Future Fund}},
url = {https://beta.health.gov.au/initiatives-and-programs/medical-research-future-fund},
year = {2018}
}
@techreport{SocialResearchCentre/DepartmentofEducationandTraining2018,
author = {{Social Research Centre/Department of Education and Training}},
publisher = {Social Research Centre/Department of Education and Training},
title = {{2017 Student Experience Survey national report}},
year = {2018}
}
@techreport{DepartmentofHomeAffairs2018,
author = {{Department of Home Affairs}},
publisher = {Department of Home Affairs},
title = {{Student visa (subclass 500)}},
url = {https://www.homeaffairs.gov.au/trav/visa-1/500-},
year = {2018}
}
@techreport{DepartmentofSocialServices2018a,
author = {{Department of Social Services}},
publisher = {Department of Social Services},
title = {{Porfolio budget statements 2018-19, social services portfolio}},
year = {2018}
}
@techreport{DepartmentofSocialServices2017,
author = {{Department of Social Services}},
publisher = {Department of Social Services},
title = {{Austudy payment trends and profile}},
url = {https://data.gov.au/dataset/dss-payment-trends-and-profile-reports},
year = {2017}
}
@article{Bexley2013a,
author = {Bexley, E and Arkoudis, S and James, R},
journal = {Higher Education},
number = {3},
pages = {385--400},
title = {{The motivations, values and future plans of Australian academics}},
volume = {65},
year = {2013}
}
@techreport{Norton2018c,
author = {Norton, A and Cherastidtham, I},
publisher = {Grattan Institute},
title = {{Submission to the Education and Employment Legislation Committee on the Higher Education Support Legislation Amendment (Student Loan Sustainability) Bill 2018}},
year = {2018}
}
@techreport{DepartmentofHomeAffairs2018a,
author = {{Department of Home Affairs}},
publisher = {Department of Home Affairs},
title = {{Student visas}},
url = {https://data.gov.au/dataset/student-visas},
year = {2018}
}
@techreport{Navitas2017,
author = {Navitas},
publisher = {Navitas Ltd},
title = {{Navitas Annual Report 2017}},
url = {https://www.navitas.com/organisation/investors},
year = {2017}
}
@techreport{NSWEducationStandardsAuthority2018,
author = {{NSW Education Standards Authority}},
publisher = {NSW Education Standards Authority},
title = {{Increased academic standards for study teaching}},
url = {http://educationstandards.nsw.edu.au/wps/portal/nesa/teacher-accreditation/how-accreditation-works/your-accreditation/future-teachers/increased-academic-standards},
year = {2018}
}
@techreport{ABS2017h,
author = {ABS},
publisher = {Australian Bureau of Statistics},
title = {{Education and work 2017, Cat. 6227.0}},
year = {2017}
}
@techreport{NHMRC2017,
author = {NHMRC},
publisher = {National Health and Medical Research Council},
title = {{Summary of the NHMRC 2017grant application round}},
url = {https://www.nhmrc.gov.au/grants-funding/outcomes-funding-rounds},
year = {2017}
}
@techreport{ACNC2018,
author = {ACNC},
publisher = {Australian Charities and Not-for-profits Commission,},
title = {{ACNC charity register}},
url = {http://www.acnc.gov.au/ACNC/FindCharity/QuickSearch/ACNC/OnlineProcessors/Online{\_}register/Search{\_}the{\_}Register.aspx?noleft=1},
year = {2018}
}
@article{Harper2018,
author = {Harper, R and Bretag, T and Ellis, C and Newton, P and Rozenberg, P and Saddiqui, S and van Haeringen, K},
journal = {Studies in Higher Education},
title = {{Contract cheating: a survey of Australian university staff}},
url = {https://doi.org/10.1080/03075079.2018.1462789},
volume = {Forthcomin},
year = {2018}
}
@techreport{Bentley2017,
author = {Bentley, P and Bexley, E and Dollinger, M},
publisher = {LH Martin Institute/University of Melbourne Centre for the Study of Higher Education},
title = {{Mapping the external engagement of Australia's PhD candidates}},
year = {2017}
}
@article{Evans2017,
author = {Evans, M},
journal = {Connect: the magazine for Australian casual and sessional university staff},
number = {2},
pages = {7},
title = {{Casuals still struggling}},
volume = {10},
year = {2017}
}
@techreport{DepartmentofEducationandTraining2018a,
author = {{Department of Education and Training}},
publisher = {Department of Education and Training},
title = {{International student data 2018 - 2018 pivot tables}},
year = {2018}
}
@techreport{UAC2018,
author = {UAC},
publisher = {Universities Admission Centre},
title = {{The ATAR and applying for uni}},
year = {2018}
}
@techreport{DepartmentofEducationandTraining2018g,
author = {{Department of Education and Training}},
publisher = {Department of Education and Training},
title = {{Higher education providers' 2018-2020 Commonwealth Grant Scheme funding agreements}},
url = {https://docs.education.gov.au/node/49011},
year = {2018}
}
@misc{Muller2017,
author = {Muller, A},
booktitle = {The Conversation},
edition = {21 Novembe},
title = {{English test for international students isn't new, just more standardised}},
year = {2017}
}
@techreport{DepartmentofEducationandTraining2017s,
author = {{Department of Education and Training}},
publisher = {Department of Education and Training},
title = {{Total resourcing for a Commonwealth supported place by discipline - 2018}},
url = {https://www.education.gov.au/funding-clusters-and-indexed-rates},
year = {2017}
}
@techreport{DepartmentofSocialServices2018,
author = {{Department of Social Services}},
publisher = {Department of Social Services},
title = {{DSS payment demographic data}},
url = {https://search.data.gov.au/dataset/ds-dga-cff2ae8a-55e4-47db-a66d-e177fe0ac6a0/details?q=},
year = {2018}
}
@techreport{ABS2013u,
author = {ABS},
publisher = {Australian Bureau of Statistics},
title = {{Australia and New Zealand standard classification of occupations (ANZSCO), 2013, Version 1.2, Cat. 1220.0}},
volume = {First edit},
year = {2013}
}
@techreport{ABS2018b,
author = {ABS},
publisher = {Australian Bureau of Statistics},
title = {{Research and experimental development, higher education organisations, Australia, 2018, Cat. 8111.0}},
year = {2018}
}
@techreport{DepartmentofIndustry2017,
author = {{Department of Industry}, Innovation and Science},
publisher = {Department of Industry, Innovation and Science},
title = {{Australian innovation system report 2017}},
url = {https://industry.gov.au/innovation/reportsandstudies/Pages/SRIBudget.aspx},
year = {2017}
}
@techreport{ANAO2017,
author = {ANAO},
publisher = {Australian National Audit Office},
title = {{Administration of Youth Allowance (Student) and ABSTUDY - ANAO report no. 51, 206-17}},
year = {2017}
}
@techreport{Cameron2018,
author = {Cameron, S and McAllister, I},
publisher = {australianelectionstudy.org/Australian Data Archive},
title = {{Australian Election Study interactive data (SPSS file)}},
year = {2018}
}
@techreport{DepartmentofEducationandTraining2017w,
author = {{Department of Education and Training}},
title = {{Resarch Block Grants - Calculation Methodology}},
url = {https://www.education.gov.au/research-block-grants-new-arrangements-allocation-calculation-methodology},
year = {2017}
}
@misc{Conifer2018,
author = {Conifer, D},
booktitle = {ABC News website},
title = {{University funding freeze hits regional campuses worst, with up to 15 per cent of expected money on ice}},
url = {http://www.abc.net.au/news/2018-06-14/university-funding-freeze-regional-campuses-worst-hit/9857532},
year = {2018}
}
@techreport{DepartmentofIndustry2017a,
author = {{Department of Industry}, Innovation and Science},
publisher = {Department of Industry, Innovation and Science},
title = {{Science, research and innovation budget tables 2017-18}},
url = {https://industry.gov.au/innovation/reportsandstudies/Pages/SRIBudget.aspx},
year = {2017}
}
@techreport{DepartmentofEducationandTraining2018d,
author = {{Department of Education and Training}},
publisher = {Senate Education and Employment Committee/Department of Education and Training},
title = {{Answer to question on notice from Senator Deborah O'Neill, response SQ18-000041}},
year = {2018}
}
@book{Hamilton2018,
author = {Hamilton, C and Joske, A},
publisher = {Hardie Grant},
title = {{Silent invasion: Chinese influence in Australia}},
year = {2018}
}
@techreport{DepartmentofEducationandTraining2017r,
author = {{Department of Education and Training}},
publisher = {Department of Education and Training},
title = {{Staff: Selected higher education statistics 2017}},
year = {2017}
}
@techreport{ARC2018,
author = {ARC},
publisher = {Australian Research Council},
title = {{Selection report: Discovery projects 2018}},
year = {2018}
}
@book{Macintyre2017,
author = {Macintyre, S and Brett, A and Croucher, G},
publisher = {Melbourne University Press},
title = {{No end of a lesson: Australia's unified national system of higher education}},
year = {2017}
}
@article{Muller2015,
author = {M{\"{u}}ller, Amanda},
doi = {10.1080/07294360.2015.1024627},
isbn = {0729-4360},
journal = {Higher Education Research {\&} Development},
number = {6},
pages = {1207--1219},
publisher = {Routledge},
title = {{The differences in error rate and type between IELTS writing bands and their impact on academic workload}},
url = {https://doi.org/10.1080/07294360.2015.1024627},
volume = {34},
year = {2015}
}
@techreport{ABS2017g,
author = {ABS},
publisher = {Australian Bureau of Statistics},
title = {{International trade: supplementary information, financial year 2016-17, Cat. 5368.0.55.003}},
year = {2017}
}
@techreport{VictorianOmbudsman2011,
author = {{Victorian Ombudsman}},
publisher = {Victorian Ombudsman},
title = {{Investigation into how universities deal with international students}},
year = {2011}
}
@techreport{ABS2018d,
author = {ABS},
publisher = {Australian Bureau of Statistics},
title = {{Australian demographic statistics 2017, Cat. 3101.0}},
year = {2018}
}
@techreport{ACER2018,
author = {ACER},
publisher = {Australian Council for Educational Research},
title = {{PISA Australia in focus number 2: educational expectations}},
year = {2018}
}
@techreport{HESP2018,
author = {HESP},
publisher = {Higher Education Standards Panel/Department of Education and Training},
title = {{Final report - Improving retention, completion and success in higher education}},
year = {2018}
}
@techreport{DepartmentofHomeAffairs2018b,
author = {{Department of Home Affairs}},
publisher = {Australian Government/Department of Home Affairs},
title = {{Simplified student visa framework (SSVF) appraisal}},
year = {2018}
}
@techreport{DepartmentofEducationandTraining2017t,
author = {{Department of Education and Training}},
publisher = {Department of Education and Training},
title = {{Research income time series, 2004-2016}},
year = {2017}
}
@techreport{DepartmentofHumanServices2018a,
author = {{Department of Human Services}},
publisher = {Department of Human Services},
title = {{Youth Allowance for students and Australian Apprentices}},
url = {https://www.humanservices.gov.au/individuals/services/centrelink/youth-allowance-students-and-australian-apprentices},
year = {2018}
}
@techreport{TEQSA2017j,
author = {TEQSA},
publisher = {Tertiary Education Quality and Standards Agency},
title = {{Good practice note: Addressing contract cheating to safeguard academic integrity}},
year = {2017}
}
@techreport{PhillipsKPA2017,
author = {PhillipsKPA},
publisher = {PhillipsKPA/Department of Education and Training},
title = {{Professional accreditation: mapping the territory}},
year = {2017}
}
@techreport{DepartmentofHomeAffairs2018d,
author = {{Department of Home Affairs}},
publisher = {Australian Government/Department of Home Affairs},
title = {{Student visa and temporary graduate visa program, bi-annual report, ending at 31 December 2017}},
year = {2018}
}
@techreport{DepartmentofEducationandTraining2018e,
author = {{Department of Education and Training}},
publisher = {Social Research Centre/Department of Education and Training},
title = {{2017 Graduate Outcomes Survey: national report}},
year = {2018}
}
@techreport{PhillipsKPA2018,
address = {Department of Education and Training/PhillipsKPA},
author = {PhillipsKPA},
title = {{Contextual research for the Australian Qualifications Framework review}},
year = {2018}
}
@techreport{DepartmentofEducationandTraining2018h,
author = {{Department of Education and Training}},
publisher = {Department of Education and Training},
title = {{Research Training Program}},
url = {https://www.education.gov.au/research-training-program},
year = {2018}
}
@article{Shorten2018,
author = {Shorten, B},
journal = {Hansard},
pages = {85--89},
title = {{Budget reply speech (second reading, Appropriation Bill No. 1 2018-19)}},
url = {http://parlinfo.aph.gov.au/parlInfo/search/display/display.w3p;query=Id{\%}3A{\%}22chamber{\%}2Fhansardr{\%}2F67aa916e-a0c1-4a4b-a23b-98660dd7d5e3{\%}2F0199{\%}22},
year = {2018}
}
@article{Bretag2018,
author = {Bretag, T and Harper, R and Burton, M and Ellis, C and Newton, P and Rozenberg, P and Saddiqui, S and Haeringen, K},
journal = {Studies in Higher Education},
number = {https://doi.org/10.1080/03075079.2018.1462789},
title = {{Contract cheating: a survey of Australian university students}},
volume = {Forthcomin},
year = {2018}
}
@techreport{HILDA2016,
author = {HILDA},
publisher = {Melbourne Institute of Applied Economic and Social Research, University of Melbourne},
title = {{Household, Income and Labour Dynamics in Australia Survey, wave 16 microdata}},
year = {2016}
}
@techreport{DepartmentofEducationandTraining2018i,
author = {{Department of Education and Training}},
publisher = {Department of Education and Training},
title = {{Portfolio Budget Statements 2018-19}},
year = {2018}
}
@techreport{DepartmentofEducationandTrainingVictoria2018,
author = {{Department of Education and Training (Victoria)}},
publisher = {Department of Education and Training},
title = {{Victorian framework for selection into teacher education}},
url = {https://www.education.vic.gov.au/about/educationstate/Pages/intteached.aspx},
year = {2018}
}
@techreport{UniversitiesAustralia2016a,
author = {{Universities Australia}},
publisher = {Universites Australia},
title = {{International links of Australian universities: formal agreements between Australian universities and overseas higher education institutions}},
year = {2016}
}
@techreport{UniversitiesAustralia2018,
author = {{Universities Australia}},
publisher = {Universities Australia},
title = {{Higher Education Research Data Collection (HERDC), time series data}},
url = {https://www.universitiesaustralia.edu.au/australias-universities/key-facts-and-data/Research-Intensity---Output/Research-Intensity---Output{\#}.Va3MAxOqpHx},
year = {2018}
}
@misc{Haines2018,
author = {Haines, S},
booktitle = {The Australian},
title = {{No veto or control: Ramsay response to ANU's Evans, Schmidt}},
year = {2018}
}
@techreport{ARC2017a,
author = {ARC},
publisher = {Australian Research Council},
title = {{EI 2018 framework}},
year = {2017}
}
@techreport{NTEU2017,
author = {NTEU},
publisher = {National Tertiary Education Union},
title = {{NTEU Annual report 2016-17}},
year = {2017}
}
@techreport{ABS2018e,
author = {ABS},
publisher = {Australian Bureau of Statistics},
title = {{International trade: supplementary information, calendar year 2017, Cat. 5368.0.55.004}},
year = {2018}
}
@techreport{Norton2018a,
author = {Norton, A and Cherastidtham, I and Mackey, W},
publisher = {Grattan Institute},
title = {{Dropping out: the benefits and costs of trying university}},
year = {2018}
}
@article{Orr2012,
author = {Orr, J},
journal = {International Journal of Law and Education},
number = {2},
pages = {123--148},
title = {{Australian corporate universities and the Corporations Act}},
volume = {17},
year = {2012}
}
@techreport{NHMRC2018,
author = {NHMRC},
publisher = {National Health and Medical Research Council},
title = {{Research funding statistics and data}},
url = {https://www.nhmrc.gov.au/grants-funding/research-funding-statistics-and-data},
year = {2018}
}
@techreport{DepartmentofJobsandSmallBusiness2018,
author = {{Department of Jobs and Small Business}},
publisher = {Department of Jobs and Small Business},
title = {{Historical list of skills shortages in Australia}},
url = {https://docs.jobs.gov.au/documents/historical-list-skill-shortages-australia-0},
year = {2018}
}
@misc{Gelber2018,
author = {Gelber, K},
booktitle = {The Conversation},
title = {{As Melbourne University staff strike over academic freedom, it's time to take it seriously}},
year = {2018}
}
@techreport{SocialResearchCentre/DepartmentofEducationandTraining2017a,
author = {{Social Research Centre/Department of Education and Training}},
publisher = {Social Research Centre/Department of Education and Training},
title = {{2017 Employer satisfaction survey: national report}},
year = {2017}
}
@techreport{DepartmentofSocialServices2017a,
author = {{Department of Social Services}},
publisher = {Department of Social Services},
title = {{Youth Allowance (student and apprentice) payment trends and profile}},
url = {https://data.gov.au/dataset/dss-payment-trends-and-profile-reports},
year = {2017}
}
@techreport{DepartmentofEducationandTraining2017u,
author = {{Department of Education and Training}},
publisher = {Department of Education},
title = {{Finance 2016: financial reports of higher education providers}},
year = {2017}
}
@techreport{ABS2018c,
author = {ABS},
publisher = {Australian Bureau of Statistics},
title = {{Microdata: Work-related training and adult learning, 2016-17, Cat. 4234.0.30.001}},
year = {2018}
}
@techreport{NTEU2018,
author = {NTEU},
publisher = {National Tertiary Education Union},
title = {2017 state of the uni survey: report 1, overview},
year = {2018}
}
@techreport{DepartmentofEducationandTraining2018b,
author = {{Department of Education and Training}},
publisher = {Department of Education and Training},
title = {{2018 Australian Competitive Grants Register}},
year = {2018}
}
@techreport{TEQSA2017g,
author = {TEQSA},
publisher = {Tertiary Education Quality and Standards Agency},
title = {{Key metrics on Australia's higher education sector}},
year = {2017}
}
@techreport{ATO2018,
author = {ATO},
publisher = {Australian Taxation Office},
title = {{HELP, SSL, ABSTUDY SSL, TSL and SFSS repayment rates and thresholds}},
url = {https://www.ato.gov.au/Rates/HELP,-TSL-and-SFSS-repayment-thresholds-and-rates/{\#}HELPandTSLrepaymentthresholdsandrates201},
year = {2018}
}
@misc{TEQSA2017i,
author = {TEQSA},
title = {{Provider registration and course accreditation and re-accreditation application guides for registered providers, version 3.11}},
url = {http://www.teqsa.gov.au/for-providers/registration/forms-and-guides},
year = {2017}
}
@techreport{DepartmentofHomeAffairs2018c,
author = {{Department of Home Affairs}},
publisher = {Australian Government/Department of Home Affairs},
title = {{Temporary graduate visa (subclass 485)}},
url = {https://www.homeaffairs.gov.au/trav/visa-1/485-},
year = {2018}
}
@book{Rowlands2017,
author = {Rowlands, J},
publisher = {Springer},
title = {{Academic governance in the contemporary university}},
year = {2017}
}
@techreport{ARC2018a,
author = {ARC},
publisher = {Australian Research Council},
title = {{Selection report: Linkage projects 2017 for proposals submitted 23 December 2016 to 19 December 2017}},
year = {2018}
}
@techreport{ABS2018a,
author = {ABS},
publisher = {Australian Bureau of Statistics},
title = {{Innovation in Australian business 2016-17, Cat 8158.0}},
year = {2018}
}
@techreport{LaureateEducation2018,
author = {{Laureate Education}},
publisher = {Laureate Education Inc},
title = {{Press release: Laureate Education reports fourth quarter and full year 2017 financial results}},
year = {2018}
}
@techreport{IELTS2018,
author = {IELTS},
publisher = {International English Language Testing System},
title = {{Guide for educational institutions, governments, professional bodies and commercial organisations}},
year = {2018}
}
@techreport{VTAC2017,
author = {VTAC},
title = {{ABC of scaling 2017}},
url = {http://www.vtac.edu.au/files/pdf/publications/abcofscaling.pdf},
year = {2017}
}
@techreport{DIIS2017,
author = {DIIS},
publisher = {Department of Industry, Innovation and Science},
title = {{National survey of research commercialisation 2015}},
year = {2017}
}
@misc{@edpity2017,
author = {@edpity and @Conor{\_}Day99},
title = {{NUS NatCon 2017}},
url = {https://docs.google.com/spreadsheets/d/1FkIyjWPB{\_}l0Pny8P1xzZeUDc2o9FNdjuaYl4s{\_}-gDqU/view{\#}gid=1996412724},
year = {2017}
}
@techreport{ParliamentaryLibrary2014,
author = {{Parliamentary Library}},
publisher = {Department of Parliamentary Services},
title = {{44th Parliamentary Handbook: Parliament of the Commonwealth of Australia}},
year = {2014}
}
@techreport{MCEETYA2000,
author = {MCEETYA},
publisher = {Ministerial Council on Education, Employment and Youth Affairs },
title = {{National protocols for higher education approval processes}},
year = {2000}
}
@techreport{McAllister2011,
author = {McAllister, I and Pietsch, J and Bean, C and Gibson, R},
publisher = {Australia Data Archive, Australian National University, },
title = {{Australian Election Study 2010}},
year = {2011}
}
@misc{Henman2015,
author = {Henman, P},
booktitle = {The Conversation},
title = {{Are Australian universities getting better at research or at gaming the system?}},
url = {https://theconversation.com/are-australian-universities-getting-better-at-research-or-at-gaming-the-system-51895},
year = {2015}
}
@techreport{Spinks2016a,
address = {Canberra},
author = {Spinks, H and Koleth, E},
publisher = {Parliamentary Library, Parliament of Australia},
title = {{Overseas students: immigration policy changes 1997–2015}},
year = {2016}
}
@techreport{Edwards2011,
author = {Edwards, D and Bexley, E and Richardson, S},
publisher = {Australian Council for Educational Research},
title = {{Regenerating the academic workforce: The careers, intentions and motivations of higher degree research students in Australia: Findings of the National Research Student Survey (NRSS)}},
year = {2011}
}
@misc{Norton2017,
author = {Norton, A},
booktitle = {Andrew Norton's blog},
title = {{How can the government cap funding for Commonwealth-supported places?}},
url = {http://andrewnorton.net.au/2017/12/17/how-can-the-government-cap-funding-for-commonwealth-supported-student-places/},
year = {2017}
}
@techreport{Andrews2016,
author = {Andrews, S and Bare, L and Bentley, P and Geodegebuure, L and Pugsley, C and Rance, B},
publisher = {LH Martin Institute},
title = {{Contingent academic employment in Australian universities}},
year = {2016}
}
@techreport{AITSL2015,
author = {AITSL},
publisher = {Australian Institute for Teaching and School Leadership},
title = {{Accreditation of initial teacher education programs in Australia: standards and procedures, December 2015}},
year = {2015}
}
@techreport{Probert2015,
author = {Probert, B},
publisher = {Office for Learning and Teaching},
title = {{The quality of Australia's higher education system: how it might be defined, improved and assured}},
year = {2015}
}
@techreport{DepartmentofEducationandTraining2015j,
author = {{Department of Education and Training}},
publisher = {Department of Education and Training},
title = {{Research income and publications data 2014}},
url = {https://www.education.gov.au/research-block-grants?page=1{\&}resource=},
year = {2015}
}
@book{Hastings2003,
address = {Adelaide},
author = {Hastings, G},
publisher = {Students' Association of Flinders University},
title = {{It can't happen here: a political history of Australian student activism}},
year = {2003}
}
@article{Coates2010a,
author = {Coates, H and Friedman, T},
journal = {Journal of Higher Education Policy and Management},
number = {2},
pages = {117--126},
title = {{Evaluation of the Special Tertiary Admissions Test (STAT)}},
volume = {32},
year = {2010}
}
@techreport{Coates2009b,
author = {Coates, H and Dobson, I and Edwards, D and Friedman, T and Goedegebuure, L and Meek, L},
publisher = {LH Martin Institute, Australian Council for Educational Research},
title = {{The attractiveness of the Australian academic profession: A comparative analysis}},
year = {2009}
}
@techreport{Strachan2012,
author = {Strachan, G and Troup, C and Peetz, D and Whitehouse, G and Broadbent, K and Bailey, J},
publisher = {Centre for Work, Organisation and Wellbeing, Griffith University},
title = {{Work and careers in Australian universities: Report on employee survey}},
year = {2012}
}
@techreport{Bexley2011,
author = {Bexley, E and James, R and Arkoudis, S},
publisher = {Centre for the Study of Higher Education, The University of Melbourne},
title = {{The Australian academic profession in transition}},
year = {2011}
}
@article{Megarrity2007,
author = {Megarrity, L},
journal = {Australian Journal of Education},
number = {1},
pages = {39--59},
title = {{A highly regulated 'free market': Commonwealth policies on private overseas students from 1974 to 2005}},
volume = {51},
year = {2007}
}
@techreport{Gibson2004,
author = {Gibson, R and Wilson, S and Meagher, G and Denemark, D and Western, M},
publisher = {Australian Data Archive, Australian National University},
title = {{Australian survey of social attitudes 2003}},
year = {2004}
}
@techreport{Nortonc,
author = {Norton, A and Cherastidtham, I},
publisher = {Grattan Institute},
title = {{The cash nexus: how teaching funds research in Australian universities}},
year = {2015}
}
@incollection{Marks2007a,
address = {Stanford, California},
author = {Marks, G and Macmillan, J},
booktitle = {Stratification in higher education: A comparative study},
editor = {Shavit, Y and Arum, R and Gamoran, A},
publisher = {Stanford University Press},
title = {{Australia: Changes in socioeconomic inequalities in university participation}},
year = {2007}
}
@techreport{DepartmentofEducation/DepartmentofIndustry2014,
author = {{Department of Education/Department of Industry}},
publisher = {Commonwealth of Australia},
title = {{Boosting the commercial returns from research}},
year = {2014}
}
@techreport{MCEETYA2007,
author = {MCEETYA},
publisher = {Ministerial Council on Education, Employment and Youth Affairs },
title = {{National protocols for higher education approval processes}},
year = {2007}
}
@article{Williams2011,
author = {Williams, G and Pillai, S},
journal = {University of Queensland Law Journal},
number = {2},
pages = {287--303},
title = {{Commonwealth power over higher education}},
volume = {30},
year = {2011}
}
@techreport{CommissionerofTaxation,
author = {{Commissioner of Taxation}},
publisher = {Australian Taxation Office},
title = {{Annual report}},
url = {https://www.ato.gov.au/About-ATO/Access,-accountability-and-reporting/Reporting-to-parliament/Annual-report/}
}
@techreport{NTEU2016,
author = {NTEU},
publisher = {National Tertiary Education Union},
title = {{State of Uni Survey 2015 Report No.3: Fixed term employment}},
url = {http://www.nteu.org.au/stateoftheuni},
year = {2016}
}
@techreport{DepartmentofEducationandTraining2015u,
author = {{Department of Education and Training}},
publisher = {Department of Education and Training},
title = {{Higher education report 2011-2013}},
year = {2015}
}
@techreport{DEET1993a,
author = {DEET},
publisher = {Department of Employment, Education and Training},
title = {{National report on Australia's higher education sector}},
year = {1993}
}
@incollection{Bentley2013,
author = {Bentley, P J and Coates, H and Dobson, I R and Goedegebuure, L and Meek, V L},
booktitle = {Job Satisfaction around the Academic World},
editor = {{P J Bentley} and {H Coates} and {I R Dobson} and {L Goedegebuure} and Meek, V L},
number = {7},
publisher = {Springer Netherlands},
title = {{Factors associated with job satisfaction amongst Australian university academics and future workforce implications}},
year = {2013}
}
@techreport{Norton2013d,
author = {Norton, A and Sonnemann, J and Cherastidtham, I},
publisher = {Grattan Institute},
title = {{Taking university teaching seriously}},
year = {2013}
}
@techreport{Norton2015f,
author = {Norton, A and Cherastidtham, I},
publisher = {Grattan Institute},
title = {{University fees: what students pay in deregulated markets}},
year = {2015}
}
@techreport{DepartmentofEducationandTraining2014,
author = {{Department of Education and Training}},
publisher = {Department of Education and Training},
title = {{Time series data 1949-2000}},
url = {https://docs.education.gov.au/node/35519},
year = {2014}
}
@techreport{DIICCSRTE2013b,
author = {DIICCSRTE},
publisher = {Department of Industry, Innovation, Climate Change, Science, Research and Tertiary Education},
title = {{Student services, amenities, representation and advocacy guidelines}},
url = {https://www.legislation.gov.au/Details/F2013C00519},
year = {2013}
}
@techreport{ParliamentaryBudgetOffice2016,
author = {{Parliamentary Budget Office}},
publisher = {Parliamentary Budget Office},
title = {{Higher Education Loan Programme: Impact on the Budget, report no. 02/2016}},
url = {http://www.aph.gov.au/About{\_}Parliament/Parliamentary{\_}Departments/Parliamentary{\_}Budget{\_}Office/research{\_}reports/Higher{\_}Education{\_}Loan{\_}Programme},
year = {2016}
}
@book{Arkoudis2012,
author = {Arkoudis, S and Baik, C and Richardson, S},
publisher = {ACER Press},
title = {{English language standards in higher education: from entry to exit}},
year = {2012}
}
@techreport{ARC2015,
author = {ARC},
publisher = {Australian Research Council},
title = {{State of Australian university research 2015-16: volume 1 ERA national report}},
year = {2015}
}
@techreport{GCA2015i,
author = {{GCA}},
publisher = {Graduate Careers Australia},
title = {{Graduate course experience 2014: figures and tables (Excel file)}},
year = {2015}
}
@article{Twomey2010,
author = {Twomey, A},
journal = {Melbourne University Law Review},
pages = {313--343},
title = {{Pushing the boundaries of executive power - Pape, the prerogative and nationhood powers}},
volume = {34},
year = {2010}
}
@incollection{Bentley2013a,
author = {Bentley, P J and Coates, H and Dobson, I R and Goedegebuure, L and Meek, V L},
booktitle = {Job Satisfaction around the Academic World},
editor = {{P J Bentley} and {H Coates} and {I R Dobson} and {L Goedegebuure} and Meek, V L},
number = {7},
publisher = {Springer Netherlands},
title = {{Academic job satisfaction from an international comparative perspective: factors associated with satisfaction across 12 countries}},
year = {2013}
}
@techreport{ARC2015d,
author = {ARC and Council, Australian Research},
publisher = {Australian Research Council},
title = {{'CEO statement: ERA 2015 speculation'}},
year = {2015}
}
@techreport{Dawkins1987,
address = {Canberra},
author = {Dawkins, J},
publisher = {Australian Government Publishing Service},
title = {{Higher education: A policy discussion paper}},
year = {1987}
}
@techreport{ICAC2015,
author = {ICAC},
publisher = {Independent Commission Against Corruption},
title = {{Learning the hard way: Managing corruption risks associated with international students at universities in NSW}},
year = {2015}
}
@techreport{DepartmentofEducationandTraining2015a,
author = {{Department of Education and Training}},
publisher = {Department of Education and Training},
title = {{Higher education research data collection}},
url = {https://education.gov.au/data-used-research-block-grant-rbg-funding-formulae},
year = {2015}
}
@techreport{CommonwealthBureauofCensusandStatistics1967,
author = {{Commonwealth Bureau of Census and Statistics}},
publisher = {Commonwealth Bureau of Census and Statistics},
title = {{Social statistics Australia, no. 54: Universities preliminary bulletin, staff 1967 and finance 1966}},
year = {1967}
}
@techreport{ARC2002,
author = {ARC and CSIRO and NHMRC},
publisher = {Australian Research Council/Commonwealth Scientific and Industrial Organisation/National Health and Medical Research Council},
title = {{National survey of research commercialisation, year 2000}},
year = {2002}
}
@misc{May2011,
author = {May, R},
booktitle = {Association of Industrial Relations Academics of Australia and New Zealand 2011 Annual Conference},
title = {{Casualisation; here to stay? The modern university and its divided workforce}},
url = {http://www.nteu.org.au/article/Casualisation{\%}3A-here-to-stay{\%}3F-The-modern-university-and-its-divided-workforce-11182},
year = {2011}
}
@misc{DEEWR2010a,
author = {DEEWR},
title = {{The higher education base funding review: background paper}},
year = {2010}
}
@techreport{Cherastidtham2013,
author = {Cherastidtham, I and Sonnemann, J and Norton, A},
publisher = {Grattan Institute},
title = {{The teaching-research nexus in higher education: Background paper supporting the Taking university teaching seriously report}},
url = {http://grattan.edu.au/wp-content/uploads/2013/07/191a{\_}background{\_}teaching-research{\_}nexus{\_}in{\_}higher{\_}education.pdf},
year = {2013}
}
@techreport{Watt2015,
author = {Watt, I},
publisher = {Department of Education and Training},
title = {{Review of research policy and funding arrangements: report}},
year = {2015}
}
@techreport{GCAe,
author = {GCA},
publisher = {Graduate Careers Australia},
title = {{Graduate course experience questionnaire report}}
}
@techreport{AustralianGovernment2015b,
author = {{Australian Government}},
publisher = {Australian Government},
title = {{Science and research priorities}},
url = {http://science.gov.au/scienceGov/ScienceAndResearchPriorities/Documents/15-49912 Fact sheet for with National Science and Research Priorities{\_}4.pdf},
year = {2015}
}
@techreport{DepartmentofEducationandTraining2018,
author = {{Department of Education and Training}},
publisher = {Department of Education and Training},
title = {{uCube - Higher education statistics}},
url = {http://highereducationstatistics.education.gov.au/},
year = {2018}
}
@techreport{McAllister2008,
author = {McAllister, I},
publisher = {Australian Data Archive, Australian National University},
title = {{ANU Poll 2008: Governance}},
year = {2008}
}
@techreport{Norton2014c,
author = {Norton, A and Cherastidtham, I},
publisher = {Grattan Institute},
title = {{Mapping Australian higher education, 2014-15}},
year = {2014}
}
@techreport{DepartmentofPrimeMinisterandCabinet2014,
author = {{Department of Prime Minister and Cabinet}},
publisher = {Australian Government},
title = {{Reform of the federation white paper: roles and responsibilities in education, part B vocational education and training and higher education}},
year = {2014}
}
@techreport{SocialResearchCentre/DepartmentofEducationandTraining,
author = {{Social Research Centre/Department of Education and Training}},
institution = {Social Research Centre/Department of Education and Training},
title = {{Student Experience Survey, micro data}}
}
@techreport{Wilson2006,
author = {Wilson, S and Meagher, G and Gibson, R and Denemark, D and Western, M},
publisher = {Australian Data Archive, Australian National University},
title = {{Australian survey of social attitudes 2005}},
year = {2006}
}
@techreport{AQF2013,
author = {AQF},
publisher = {Department of Education and Training},
title = {{Australian Qualifications Framework, second edition}},
url = {http://www.aqf.edu.au/},
year = {2013}
}
@article{May2013,
author = {May, R and Peetz, D and Strachan, G},
journal = {Labour and Industry},
number = {3},
pages = {258--275},
title = {{The casual academic workforce and labour segementation in Australia}},
volume = {23},
year = {2013}
}
@article{Chordia2015,
author = {Chordia, S and Lynch, A and Williams, G},
journal = {Melbourne University Law Review},
pages = {306--330},
title = {{Williams v Commonwealth [No. 2]: Commonwealth executive power and spending after Williams [No. 2]}},
volume = {39},
year = {2015}
}
@techreport{Norton2005,
author = {Norton, A},
booktitle = {Centre for Independent Studies},
publisher = {Centre for Independent Studies},
title = {{The free market case against voluntary student unionism}},
volume = {Issue Anal},
year = {2005}
}
@techreport{McAllister2016,
address = {Canberra: Australian Data Archive},
author = {McAllister, I},
publisher = {Australian National University},
title = {{ANU Poll 2014: Changing views of governance}},
volume = {Australian},
year = {2016}
}
@techreport{DepartmentofEducationandTraining2015b,
author = {{Department of Education and Training}},
publisher = {Department of Education and Training},
title = {{Staff: Selected higher education statistics 2014}},
year = {2015}
}
@book{OBrien2015,
author = {O'Brien, J},
publisher = {UNSW Press},
title = {{National Tertiary Education Union: A most unlikely union}},
year = {2015}
}
@techreport{DepartmentofEducationandTrainingg,
author = {{Department of Education and Training}},
publisher = {Department of Education and Training},
title = {{Finance: Selected higher education statistics}}
}
@article{Corcoran2000,
author = {Corcoran, S},
journal = {Flinders Journal of Law Reform},
number = {2},
pages = {143--156},
title = {{First principles in the interpretation of university statutes}},
volume = {4},
year = {2000}
}
@book{Larkins2011a,
author = {Larkins, F},
publisher = {Melbourne University Press},
title = {{Australian higher education research policies and performance 1987-2010}},
year = {2011}
}
@techreport{ABS2017a,
author = {ABS},
institution = {Australian Bureau of Statistics},
title = {{Microdata: Education and work, May 2017, Cat. 6227.0.30.001}},
year = {2017}
}
@techreport{DepartmentofEducationandTraining2015m,
author = {{Department of Education and Training}},
publisher = {Department of Education and Training},
title = {{2014 VET FEE-HELP enrolment tables}},
url = {https://docs.education.gov.au/node/38377},
year = {2015}
}
@incollection{Norton2016a,
author = {Norton, A},
booktitle = {Student equity in higher education: Twenty-five years of A Fair Chance for All},
editor = {Harvey, A and Brett, M and Burnheim, C},
pages = {183--206},
publisher = {Springer},
title = {{Equity and markets}},
year = {2016}
}
@book{Coaldrake2016,
author = {Coaldrake, P and Stedman, L},
publisher = {University of Queensland Press},
title = {{Raising the stakes: Gambling with the future of universities (second edition)}},
year = {2016}
}
@techreport{DepartmentofEducationandTraininga,
author = {{Department of Education and Training}},
institution = {Department of Education and Training},
title = {{Higher education statistics collection}}
}
@techreport{DepartmentofEducationandTraining2017b,
author = {{Department of Education and Training}},
institution = {Department of Education and Training},
title = {{Undergraduate applications, offers and acceptances 2017}},
year = {2017}
}
@incollection{Norton2017c,
author = {Norton, A},
booktitle = {Visions for Australian tertiary education},
editor = {James, R and French, S and Kelly, P},
pages = {91--100},
publisher = {Centre for the Study of Higher Education, University of Melbourne},
title = {{Universities and the evolving graduate labour market}},
year = {2017}
}
@techreport{Norton2016c,
author = {Norton, A and Cakitaki, B},
institution = {Grattan Institute},
title = {{Mapping Australian higher education 2016}},
year = {2016}
}
@techreport{Kemp2014,
author = {Kemp, D and Norton, A},
institution = {Department of Education},
title = {{Review of the demand driven system: final report}},
year = {2014}
}
@techreport{DepartmentofEducationandTraining2017e,
author = {{Department of Education and Training}},
institution = {Department of Education and Training},
title = {{Annual report, 2016-17}},
url = {https://docs.education.gov.au/system/files/doc/other/education{\_}annual{\_}report{\_}2016-17{\_}0.pdf},
year = {2017}
}
@techreport{ANOP/DEET1994,
author = {ANOP/DEET},
institution = {ANOP Research Services/Department of Employment, Education and Training},
title = {{Young people's attitudes to post-compulsory education and training}},
year = {1994}
}
@techreport{DepartmentofEducationandTraining2015n,
author = {{Department of Education and Training}},
institution = {Department of Education and Training},
title = {{Higher Education Standards Framework (Threshold Standards) 2015}},
url = {https://www.legislation.gov.au/Details/F2015L01639},
year = {2015}
}
@techreport{DepartmentofEducationandTraining2017,
author = {{Department of Education and Training}},
institution = {Department of Education and Training},
title = {{Completion rates of domestic bachelor degree students: a cohort analysis, 2005-2015}},
year = {2017}
}
@techreport{Cherastidtham2018a,
author = {Cherastidtham, I and Norton, A and Mackey, W},
institution = {Grattan Institute},
title = {{University attrition: what helps and what hinders university completion?}},
year = {2018}
}
@article{Cvetkovski2012,
author = {Cvetkovski, S and Reavley, N and Jorm, A},
journal = {Australian and New Zealand Journal of Psychiatry},
number = {5},
pages = {457--467},
title = {{The prevalence and correlates of psychological distress in Australian tertiary students compared to their community peers}},
volume = {46},
year = {2012}
}
@misc{Birmingham2017,
author = {Birmingham, S},
publisher = {Minister for Education and Training, media centre },
title = {{Sustainability and excellence in higher education (media release)}},
url = {https://ministers.education.gov.au/birmingham/sustainability-and-excellence-higher-education},
year = {2017}
}
@techreport{ABS2017b,
author = {ABS},
institution = {Australian Bureau of Statistics},
title = {{Census of population and housing, 2016, TableBuilder Pro, Cat. 2073.0}},
year = {2017}
}
@techreport{Daniels2017,
author = {Daniels, D},
publisher = {Parliamentary Library},
title = {{Student income support: a chronology}},
url = {http://parlinfo.aph.gov.au/parlInfo/download/library/prspub/5428620/upload{\_}binary/5428620.pdf},
year = {2017}
}
@techreport{NCVER2014,
author = {NCVER},
institution = {National Centre for Vocational Education Research},
title = {{Longitudinal Survey of Australian Youth, 2006 cohort}},
year = {2014}
}
@techreport{MissionAustralia2016,
author = {{Mission Australia}},
institution = {Mission Australia},
title = {{Youth survey report 2016}},
year = {2016}
}
@techreport{RoyMorganResearch2009,
author = {{Roy Morgan Research}},
institution = {Australian Department of Education, Employment and Workplace Relations},
title = {{Year 12 choices: a survey of factors influencing year 12 decision-making on post-school destination, choice of university and preferred subject}},
url = {http://pandora.nla.gov.au/pan/127723/20110629-1522/www.deewr.gov.au/HigherEducation/Publications/Documents/Year12StudentChoicesReport.pdf},
year = {2009}
}
@techreport{DepartmentofEducationandTraining2017a,
author = {{Department of Education and Training}},
institution = {Department of Education and Training},
title = {{Students: Selected higher education statistics 2016}},
year = {2017}
}
@techreport{Harvey2016,
author = {Harvey, A and Brett, M and Cardak, B and Sheridan, A and Stratford, J and Tootell, N and McAllister, R and Spicer, R},
institution = {La Trobe University/UNE},
title = {{The adaptation of tertiary admissions practices to growth and diversity}},
year = {2016}
}
@techreport{James2002,
author = {James, R},
institution = {Department of Education, Science and Training/Centre for the Study of Higher Education},
title = {{Socioeconomic background and higher education participation: an analysis of school students' expectations}},
year = {2002}
}
